% This file was created with Citavi 6.12.0.0

@book{.,
 title = {Lidar: Range-Resolved Optical Remote Sensing of the Atmosphere},
 publisher = {{Scholars Portal}},
 isbn = {0-387-40075-3}
}


@misc{.31.08.2022,
 abstract = {Der 2D-LiDAR-Sensor LMS4000 ist besonders geeignet f{\"u}r den Einsatz in Intralogistik, Materialhandling und allen Bereichen, in d...},
 year = {31.08.2022},
 title = {2D-LiDAR-Sensoren | LMS4000 | SICK},
 url = {https://www.sick.com/de/de/mess-und-detektionsloesungen/2d-lidar-sensoren/lms4000/c/g474751},
 urldate = {2022-08-31}
}


@misc{.31.08.2022b,
 abstract = {Inkremental-Encoder | DBS36/50 | DBS36E-S3EP01024 | Art-Nr.: 1070596 | Jetzt bei SICK bestellen},
 year = {31.08.2022},
 title = {DBS36E-S3EP01024 | Encoder | SICK},
 url = {https://www.sick.com/de/de/encoder/inkremental-encoder/dbs3650/dbs36e-s3ep01024/p/p373646},
 urldate = {2022-08-31}
}


@book{Ansmann.op.1997,
 author = {Ansmann, Albert},
 year = {op. 1997},
 title = {Advances in atmospheric remote sensing with lidar: Selected papers of the 18th International Laser Radar Conference (ILRC), Berlin, 22-26 July 1996},
 address = {Berlin [etc.]},
 publisher = {Springer},
 isbn = {3-540-61887-2},
 institution = {{International Laser Radar Conference}}
}


@book{Basler.2016,
 author = {Basler, Stefan},
 year = {2016},
 title = {Encoder und Motor-Feedback-Systeme: Winkellage- und Drehzahlerfassung in der industriellen Automation},
 address = {Wiesbaden},
 publisher = {{Springer Vieweg}},
 isbn = {9783658128449}
}


@book{Fujii.2005,
 author = {Fujii, Takashi and Fukuchi, Tetsuo},
 year = {2005},
 title = {Laser remote sensing},
 address = {Boca Raton [etc.]},
 publisher = {{CRC Press}},
 isbn = {0-8247-4256-7}
}


@book{Ierusalimschy.2006,
 author = {Ierusalimschy, Roberto and de Figueiredo, Luiz Henrique and {Celes Filho}, Waldemar},
 year = {2006},
 title = {Lua 5.1 reference manual},
 address = {Rio de Janeiro},
 publisher = {Lua.org},
 isbn = {85-903798-3-3}
}


@book{Ierusalimschy.2013,
 abstract = {Lua ist eine noch wenig bekannte, aber hoch performante, weitestgehend plattformunabh{\"a}ngige Skriptsprache, die auch zur Erstellung selbstst{\"a}ndiger Programme eingesetzt werden kann. Lua wird auch genutzt, um Anwendungen unterschiedlicher Technologien miteinander zu verbinden (glue language). Literatur zu Lua ist bisher noch nicht besprochen worden. Der Autor des vorliegenden Buchs ist einer der Erfinder und Hauptentwickler von Lua. Sein Buch liegt hier bereits in der 3. Auflage, abgestimmt auf die aktuelle Version Lua 5.2 vor. Es kann auch noch f{\"u}r die Vorg{\"a}ngerversion Lua 5.1 eingesetzt werden; Unterschiede und Weiterentwicklungen sind deutlich gekennzeichnet. Angesprochen werden Leser ohne besondere Vorkenntnisse, die effektive Programme entwickeln wollen. Kenntnisse in C sind hilfreich bei den Abschnitten, wo die Einbettung von Lua in C-Programme behandelt wird. Schwerpunkte des Buchs liegen bei den Sprachstrukturen von Lua, beim Arbeiten mit Tabellen und der objektorientierten Programmierung und bei den zahlreichen Standardbibliotheken. Gut ber{\"u}cksichtigt werden auch Testen und Debugging. (3)},
 author = {Ierusalimschy, Roberto},
 year = {2013},
 title = {Programmieren in Lua},
 price = {Englbr. : EUR 29.90 (DE), EUR 30.80 (AT), sfr 40.90 (freier Pr.)},
 address = {M{\"u}nchen},
 edition = {3. Aufl.},
 publisher = {{Open Source Press}},
 isbn = {3955390209},
 series = {Professional reference}
}


@book{Ierusalimschy.op.2016,
 author = {Ierusalimschy, Roberto},
 year = {op. 2016},
 title = {Programming in Lua},
 address = {Rio de Janeiro},
 edition = {4th ed.},
 publisher = {Lua.org},
 isbn = {978-8-59037-986-7}
}


@book{Jung.2007,
 author = {Jung, Kurt and Brown, Aaron},
 year = {2007},
 title = {Beginning Lua Programming (Wrox beginning guides)},
 publisher = {Wrox},
 isbn = {0-470-06917-1}
}


@book{Kuhnel.2012,
 author = {K{\"u}hnel, Claus and Zwirner, Daniel},
 year = {2012},
 title = {Lua: Einsatz von Lua in Embedded Systems},
 address = {Altendorf},
 edition = {2., bearb. und erw. Aufl.},
 publisher = {{Skript Verl. K{\"u}hnel}},
 isbn = {978-3-90785-715-1}
}


@book{Martin.2013,
 author = {Martin, Robert C.},
 year = {2013},
 title = {Clean Code - Refactoring, Patterns, Testen und Techniken f{\"u}r sauberen Code: Deutsche Ausgabe},
 address = {Frechen},
 publisher = {mitp},
 isbn = {9783826696381}
}


@book{Young.2014,
 author = {Young, David},
 year = {2014},
 title = {Learning game AI programming with Lua: Leverage the power of Lua programming to create game AI that focuses on motion, animation, and tactics},
 address = {Birmingham, UK},
 publisher = {{Packt Publishing}},
 isbn = {1-783-28133-2},
 series = {Community experience distilled}
}


